% Encoding: UTF-8

@article{wang2019biomethyl,
  title={BioMethyl: an R package for biological interpretation of DNA methylation data},
  author={Wang, Yue and Franks, Jennifer M and Whitfield, Michael L and Cheng, Chao},
  journal={Bioinformatics},
  year={2019}
}

@article{cedoz2018methylmix,
  title={MethylMix 2.0: an R package for identifying DNA methylation genes},
  author={Cedoz, Pierre-Louis and Prunello, Marcos and Brennan, Kevin and Gevaert, Olivier},
  journal={Bioinformatics},
  volume={34},
  number={17},
  pages={3044--3046},
  year={2018},
  publisher={Oxford University Press}
}

@article{park2019finding,
  title={Finding characteristics of exceptional breast cancer subpopulations using subgroup mining and statistical test},
  author={Park, Jiwon Victoria and Park, Sang Jun and Yoo, Jin Soung},
  journal={Expert Systems with Applications},
  volume={118},
  pages={553--562},
  year={2019},
  publisher={Elsevier}
}

@article{wen2017cell,
  title={Cell subpopulation deconvolution reveals breast cancer heterogeneity based on DNA methylation signature},
  author={Wen, Yanhua and Wei, Yanjun and Zhang, Shumei and Li, Song and Liu, Hongbo and Wang, Fang and Zhao, Yue and Zhang, Dongwei and Zhang, Yan},
  journal={Briefings in bioinformatics},
  volume={18},
  number={3},
  pages={426--440},
  year={2017},
  publisher={Oxford University Press}
}

@article{jeschke2017cancers,
title={DNA methylationâ€“based immune response signature improves patient diagnosis in multiple cancers},
author={Jeschke, J., Bizet, M., Desmedt, C., Calonne, E., Dedeurwaerder, S., Garaud, S., ... & Gallo, K. W.},
journal={The Journal of clinical investigation},
volume={127},
pages={3090-3102},
year={2017},
published={JCI}
}

@article{du2010beta,
title={Comparison of Beta-value and M-value methods for quantifying methylation levels by microarray analysis},
author={Du, P., Zhang, X., Huang, C. C., Jafari, N., Kibbe, W. A., Hou, L., & Lin, S. M.},
journal={BMC bioinformatics},
volume={11},
pages={587},
year={2010},
publishe={BMC}
}
